<?xml version="1.0" encoding="UTF-8"?>
<collection xmlns:xsi="http://www.w3.org/2001/XMLSchema-instance" xsi:schemaLocation="http://www.loc.gov/MARC21/slim http://www.loc.gov/standards/marcxml/schema/MARC21slim.xsd" xmlns="http://www.loc.gov/MARC21/slim">
<record>
  <leader>01736cam a2200301Mi 4500</leader>
  <controlfield tag="001">4392906</controlfield>
  <controlfield tag="003">NNC</controlfield>
  <controlfield tag="005">20130428130208.0</controlfield>
  <controlfield tag="008">021113s1934    iq b     b    001 0 ara d</controlfield>
  <datafield tag="035" ind1=" " ind2=" ">
    <subfield code="a">(OCoLC)ocm51104138</subfield>
  </datafield>
  <datafield tag="035" ind1=" " ind2=" ">
    <subfield code="a">(NNC)4392906</subfield>
  </datafield>
  <datafield tag="040" ind1=" " ind2=" ">
    <subfield code="a">ERL</subfield>
    <subfield code="c">ERL</subfield>
    <subfield code="d">OCLCQ</subfield>
    <subfield code="d">NNC</subfield>
  </datafield>
  <datafield tag="043" ind1=" " ind2=" ">
    <subfield code="a">iq-----</subfield>
    <subfield code="a">aw-----</subfield>
  </datafield>
  <datafield tag="100" ind1="1" ind2=" ">
    <subfield code="a">Ibn al-Sāʻī, ʻAlī ibn Anjab,</subfield>
    <subfield code="d">1196 or 1197-1275.</subfield>
  </datafield>
  <datafield tag="245" ind1="1" ind2="3">
    <subfield code="a">al-Jāmiʻ al-mukhtaṣar fī ʻunwān al-tawārīkh wa-ʻuyūn al-siyar :</subfield>
    <subfield code="b">al-juzʾ al-tāsiʻ : wa-huwa min tārīkh balaghah fīhi muʾallifuhu ilá sanat 656 H (1258 M) /</subfield>
    <subfield code="c">li-Abī Ṭālib ʻAlī ibn Anjab Tāj al-Dīn al-maʻrūf bi-Ibn al-Sāʻī al-Khāzin ; ʻuniya bi-naskhihi wa-nashrihi wa-iṣlāḥ taṣḥīfihi wa-taʻlīq ḥawāshīhi wa-ʻamal fahārisihi Muṣṭafá Jawād.</subfield>
  </datafield>
  <datafield tag="260" ind1=" " ind2=" ">
    <subfield code="a">Baghdād :</subfield>
    <subfield code="b">al-Maṭbaʻah al-Suryānīyah al-Kāthūlīkīyah,</subfield>
    <subfield code="c">1934.</subfield>
  </datafield>
  <datafield tag="300" ind1=" " ind2=" ">
    <subfield code="a">1 v. (36, 390 p.) :</subfield>
    <subfield code="b">3 folded maps ;</subfield>
    <subfield code="c">25 cm.</subfield>
  </datafield>
  <datafield tag="500" ind1=" " ind2=" ">
    <subfield code="a">"Copié, annoté et publié par Mustafa Djawâd et le Père Anastase-Marie de St. Elie O.C.D."--Added t.p.</subfield>
  </datafield>
  <datafield tag="500" ind1=" " ind2=" ">
    <subfield code="a">The present work is an edition of part 9 only (covering the years 595-606 H) of the original 25 v. lost manuscript.</subfield>
  </datafield>
  <datafield tag="504" ind1=" " ind2=" ">
    <subfield code="a">Includes bibliographical references (p. 34-36, 1st group) and indexes.</subfield>
  </datafield>
  <datafield tag="500" ind1=" " ind2=" ">
    <subfield code="a">Added t.p. title: Al-djamiʻ al-mukhtasar.</subfield>
  </datafield>
  <datafield tag="600" ind1="3" ind2="4">
    <subfield code="a">Abbasids</subfield>
    <subfield code="v">Early works to 1800.</subfield>
  </datafield>
  <datafield tag="651" ind1=" " ind2="4">
    <subfield code="a">Iraq</subfield>
    <subfield code="x">History</subfield>
    <subfield code="y">634-1534</subfield>
    <subfield code="v">Early works to 1800.</subfield>
  </datafield>
  <datafield tag="651" ind1=" " ind2="4">
    <subfield code="a">Islamic Empire</subfield>
    <subfield code="x">History</subfield>
    <subfield code="y">750-1258</subfield>
    <subfield code="v">Early works to 1800.</subfield>
  </datafield>
  <datafield tag="700" ind1="1" ind2=" ">
    <subfield code="a">Jawād, Muṣṭafá,</subfield>
    <subfield code="d">1905-1969.</subfield>
  </datafield>
  <datafield tag="700" ind1="0" ind2=" ">
    <subfield code="a">Anistās Mārī,</subfield>
    <subfield code="c">al-Karmilī, ab,</subfield>
    <subfield code="d">1866-1947.</subfield>
  </datafield>
  <datafield tag="740" ind1="3" ind2=" ">
    <subfield code="a">Al-djamiʻ al-mukhtasar.</subfield>
  </datafield>
  <datafield tag="740" ind1="0" ind2=" ">
    <subfield code="a">Djamiʻ al-mukhtasar.</subfield>
  </datafield>
  <datafield tag="955" ind1=" " ind2=" ">
    <subfield code="b">0315333582</subfield>
    <subfield code="d">glx</subfield>
    <subfield code="e">893.712 Ib58</subfield>
    <subfield code="v">v.9</subfield>
  </datafield>
</record>
</collection>